@misc{deMonNano,
author={Thomas Heine and Mathias Rapacioli and Serguei Patchkovskii and Johannes Frenzel and Andreas M. Koester and P. Calaminici and S. Escalante and Helio A. Duarte and Roberto Flores and Gerald Geudtner and Annick Goursot and J. Ulises Reveles and Alberto Vela and Dennis R. Salahub},
title={PROGRAM deMon-Nano Experiment 2009},
year={2009},
note={Copyrights (C), DFT    : CINVESTAV Mexico, Mexico, QMMM,MM: The National Research Council (NRC) Ottawa, Canada, DFTB,MD: Jacobs University Bremen, OPT    : University of Toulouse, QMMM, MM, DFTB, MD, OPT parts are  published under the GNU public license Version 2.0.}
}

@misc{deMon,
author={A.M. Koster and G. Geudtner and A. Alvarez-Ibarra and P. Calaminici and M.E. Casida and J. Carmona-Espindola and V.D. Dominguez and R. Flores-Moreno and G.U. Gamboa and A. Goursot and T. Heine and A. Ipatov and A. de la Lande and F. Janetzko and J.M. del Campo and D. Mejia-Rodriguez and J. U. Reveles and J. Vasquez-Perez and A. Vela and B. Zuniga-Gutierrez and and D.R. Salahub},
title={deMon2k, Version 5},
year={2018},
note={The deMon developers, Cinvestav, Mexico City}
}

@misc{XCrySDen,
author={A. Kokalj, J.},
title={Mol. Graph. Model.},
year={1999}
}

@misc{g16,
author={M. J. Frisch and G. W. Trucks and H. B. Schlegel and G. E. Scuseria and M. A. Robb and J. R. Cheeseman and G. Scalmani and V. Barone and G. A. Petersson and H. Nakatsuji and X. Li and M. Caricato and A. V. Marenich and J. Bloino and B. G. Janesko and R. Gomperts and B. Mennucci and H. P. Hratchian and J. V. Ortiz and A. F. Izmaylov and J. L. Sonnenberg and D. Williams-Young and F. Ding and F. Lipparini and F. Egidi and J. Goings and B. Peng and A. Petrone and T. Henderson and D. Ranasinghe and V. G. Zakrzewski and J. Gao and N. Rega and G. Zheng and W. Liang and M. Hada and M. Ehara and K. Toyota and R. Fukuda and J. Hasegawa and M. Ishida and T. Nakajima and Y. Honda and O. Kitao and H. Nakai and T. Vreven and K. Throssell and Montgomery, {Jr.}, J. A. and J. E. Peralta and F. Ogliaro and M. J. Bearpark and J. J. Heyd and E. N. Brothers and K. N. Kudin and V. N. Staroverov and T. A. Keith and R. Kobayashi and J. Normand and K. Raghavachari and A. P. Rendell and J. C. Burant and S. S. Iyengar and J. Tomasi and M. Cossi and J. M. Millam and M. Klene and C. Adamo and R. Cammi and J. W. Ochterski and R. L. Martin and K. Morokuma and O. Farkas and J. B. Foresman and D. J. Fox},
title={GaussianËœ16 {R}evision {C}.01},
year={2016},
note={Gaussian Inc. Wallingford CT}
}

@article{Hanwell2012,
  doi = {10.1186/1758-2946-4-17},
  url = {https://doi.org/10.1186/1758-2946-4-17},
  year = {2012},
  month = aug,
  publisher = {Springer Science and Business Media {LLC}},
  volume = {4},
  number = {1},
  author = {Marcus D Hanwell and Donald E Curtis and David C Lonie and Tim Vandermeersch and Eva Zurek and Geoffrey R Hutchison},
  title = {Avogadro: an advanced semantic chemical editor,  visualization,  and analysis platform},
  journal = {Journal of Cheminformatics}
}

@article{Kokalj1999,
  doi = {10.1016/s1093-3263(99)00028-5},
  url = {https://doi.org/10.1016/s1093-3263(99)00028-5},
  year = {1999},
  month = jun,
  publisher = {Elsevier {BV}},
  volume = {17},
  number = {3-4},
  pages = {176--179},
  author = {Anton Kokalj},
  title = {{XCrySDen}{\textemdash}a new program for displaying crystalline structures and electron densities},
  journal = {Journal of Molecular Graphics and Modelling}
}

@Misc{ gnuplot ,
author={ Thomas Williams and Colin Kelley and {many others} },
title={ Gnuplot 4.6: an interactive plotting program },
month={ April },
year={ 2013 },
howpublished={ \url{http://gnuplot.sourceforge.net/} }
}


