@article{basis_set,
  doi = {10.1021/acs.jcim.9b00725},
  url = {https://doi.org/10.1021/acs.jcim.9b00725},
  year = {2019},
  month = oct,
  publisher = {American Chemical Society ({ACS})},
  volume = {59},
  number = {11},
  pages = {4814--4820},
  author = {Benjamin P. Pritchard and Doaa Altarawy and Brett Didier and Tara D. Gibson and Theresa L. Windus},
  title = {New Basis Set Exchange: An Open,  Up-to-Date Resource for the Molecular Sciences Community}
}

@misc{g16,
author={M. J. Frisch and G. W. Trucks and H. B. Schlegel and G. E. Scuseria and M. A. Robb and J. R. Cheeseman and G. Scalmani and V. Barone and G. A. Petersson and H. Nakatsuji and X. Li and M. Caricato and A. V. Marenich and J. Bloino and B. G. Janesko and R. Gomperts and B. Mennucci and H. P. Hratchian and J. V. Ortiz and A. F. Izmaylov and J. L. Sonnenberg and D. Williams-Young and F. Ding and F. Lipparini and F. Egidi and J. Goings and B. Peng and A. Petrone and T. Henderson and D. Ranasinghe and V. G. Zakrzewski and J. Gao and N. Rega and G. Zheng and W. Liang and M. Hada and M. Ehara and K. Toyota and R. Fukuda and J. Hasegawa and M. Ishida and T. Nakajima and Y. Honda and O. Kitao and H. Nakai and T. Vreven and K. Throssell and Montgomery, {Jr.}, J. A. and J. E. Peralta and F. Ogliaro and M. J. Bearpark and J. J. Heyd and E. N. Brothers and K. N. Kudin and V. N. Staroverov and T. A. Keith and R. Kobayashi and J. Normand and K. Raghavachari and A. P. Rendell and J. C. Burant and S. S. Iyengar and J. Tomasi and M. Cossi and J. M. Millam and M. Klene and C. Adamo and R. Cammi and J. W. Ochterski and R. L. Martin and K. Morokuma and O. Farkas and J. B. Foresman and D. J. Fox},
title={GaussianËœ16 {R}evision {C}.01},
year={2016},
note={Gaussian Inc. Wallingford CT}
}

@Article{Hunter2007,
  Author    = {Hunter, J. D.},
  Title     = {Matplotlib: A 2{D} graphics environment},
  Journal   = {Computing In Science \& Engineering},
  Volume    = {9},
  Number    = {3},
  Pages     = {90--95},
  abstract  = {Matplotlib is a 2{D} graphics package used for Python
  for application development, interactive scripting, and
  publication-quality image generation across user
  interfaces and operating systems.},
  publisher = {IEEE COMPUTER SOC},
  doi = {10.1109/MCSE.2007.55},
  year      = 2007
}

@article{Pritchard2019,
  doi = {10.1021/acs.jcim.9b00725},
  url = {https://doi.org/10.1021/acs.jcim.9b00725},
  year = {2019},
  month = oct,
  publisher = {American Chemical Society ({ACS})},
  volume = {59},
  number = {11},
  pages = {4814--4820},
  author = {Benjamin P. Pritchard and Doaa Altarawy and Brett Didier and Tara D. Gibson and Theresa L. Windus},
  title = {New Basis Set Exchange: An Open,  Up-to-Date Resource for the Molecular Sciences Community},
  journal = {Journal of Chemical Information and Modeling}
}


@article{Pollak2017,
  doi = {10.1021/acs.jctc.7b00593},
  url = {https://doi.org/10.1021/acs.jctc.7b00593},
  year = {2017},
  month = jul,
  publisher = {American Chemical Society ({ACS})},
  volume = {13},
  number = {8},
  pages = {3696--3705},
  author = {Patrik Pollak and Florian Weigend},
  title = {Segmented Contracted Error-Consistent Basis Sets of Double- and Triple-{$\zeta$} Valence Quality for One- and Two-Component Relativistic All-Electron Calculations},
  journal = {Journal of Chemical Theory and Computation}
}


@article{Sekiya2012,
  doi = {10.1007/s00214-012-1247-2},
  url = {https://doi.org/10.1007/s00214-012-1247-2},
  year = {2012},
  month = jun,
  publisher = {Springer Science and Business Media {LLC}},
  volume = {131},
  number = {7},
  author = {Masahiro Sekiya and Takeshi Noro and Toshikatsu Koga and Tsuyoshi Shimazaki},
  title = {Relativistic segmented contraction basis sets with core-valence correlation effects for atoms 57La through 71Lu: Sapporo-{DK}-{nZP} sets (n~=~D,  T,  Q)},
  journal = {Theoretical Chemistry Accounts}
}

@article{Noro2013,
  doi = {10.1007/s00214-013-1363-7},
  url = {https://doi.org/10.1007/s00214-013-1363-7},
  year = {2013},
  month = apr,
  publisher = {Springer Science and Business Media {LLC}},
  volume = {132},
  number = {5},
  author = {Takeshi Noro and Masahiro Sekiya and Toshikatsu Koga},
  title = {Sapporo-({DKH}3)-{nZP} (n~=~D,  T,  Q) sets for the sixth period s-,  d-,  and p-block atoms},
  journal = {Theoretical Chemistry Accounts}
}


@article{Noro2012,
  doi = {10.1007/s00214-012-1124-z},
  url = {https://doi.org/10.1007/s00214-012-1124-z},
  year = {2012},
  month = feb,
  publisher = {Springer Science and Business Media {LLC}},
  volume = {131},
  number = {2},
  author = {Takeshi Noro and Masahiro Sekiya and Toshikatsu Koga},
  title = {Segmented contracted basis sets for atoms H through Xe: Sapporo-({DK})-{nZP} sets (n~=~D,  T,  Q)},
  journal = {Theoretical Chemistry Accounts}
}

@article{Noro2008,
  doi = {10.1007/s00214-008-0476-x},
  url = {https://doi.org/10.1007/s00214-008-0476-x},
  year = {2008},
  month = aug,
  publisher = {Springer Science and Business Media {LLC}},
  volume = {121},
  number = {5-6},
  pages = {289--295},
  author = {Takeshi Noro and Masahiro Sekiya and Toshikatsu Koga},
  title = {Core-valence correlating basis sets for alkali and alkaline earth metal atoms},
  journal = {Theoretical Chemistry Accounts}
}

@article{Noro2009,
  doi = {10.1016/j.cplett.2009.09.044},
  url = {https://doi.org/10.1016/j.cplett.2009.09.044},
  year = {2009},
  month = oct,
  publisher = {Elsevier {BV}},
  volume = {481},
  number = {4-6},
  pages = {229--233},
  author = {Takeshi Noro and Masahiro Sekiya and Toshikatsu Koga and Shiro L. Saito},
  title = {Relativistic contracted Gaussian-type basis functions for atoms K through Xe},
  journal = {Chemical Physics Letters}
}

