@misc{g16,
author={M. J. Frisch and G. W. Trucks and H. B. Schlegel and G. E. Scuseria and M. A. Robb and J. R. Cheeseman and G. Scalmani and V. Barone and G. A. Petersson and H. Nakatsuji and X. Li and M. Caricato and A. V. Marenich and J. Bloino and B. G. Janesko and R. Gomperts and B. Mennucci and H. P. Hratchian and J. V. Ortiz and A. F. Izmaylov and J. L. Sonnenberg and D. Williams-Young and F. Ding and F. Lipparini and F. Egidi and J. Goings and B. Peng and A. Petrone and T. Henderson and D. Ranasinghe and V. G. Zakrzewski and J. Gao and N. Rega and G. Zheng and W. Liang and M. Hada and M. Ehara and K. Toyota and R. Fukuda and J. Hasegawa and M. Ishida and T. Nakajima and Y. Honda and O. Kitao and H. Nakai and T. Vreven and K. Throssell and Montgomery, {Jr.}, J. A. and J. E. Peralta and F. Ogliaro and M. J. Bearpark and J. J. Heyd and E. N. Brothers and K. N. Kudin and V. N. Staroverov and T. A. Keith and R. Kobayashi and J. Normand and K. Raghavachari and A. P. Rendell and J. C. Burant and S. S. Iyengar and J. Tomasi and M. Cossi and J. M. Millam and M. Klene and C. Adamo and R. Cammi and J. W. Ochterski and R. L. Martin and K. Morokuma and O. Farkas and J. B. Foresman and D. J. Fox}, 
title={GaussianËœ16 {R}evision {C}.01},
year={2016},
note={Gaussian Inc. Wallingford CT} 
}


@article{Becke1993,
  doi = {10.1063/1.464913},
  url = {https://doi.org/10.1063/1.464913},
  year = {1993},
  month = apr,
  publisher = {{AIP} Publishing},
  volume = {98},
  number = {7},
  pages = {5648--5652},
  author = {Axel D. Becke},
  title = {Density-functional thermochemistry. {III}. The role of exact exchange},
  journal = {The Journal of Chemical Physics}
}

@article{Lee1988,
  doi = {10.1103/physrevb.37.785},
  url = {https://doi.org/10.1103/physrevb.37.785},
  year = {1988},
  month = jan,
  publisher = {American Physical Society ({APS})},
  volume = {37},
  number = {2},
  pages = {785--789},
  author = {Chengteh Lee and Weitao Yang and Robert G. Parr},
  title = {Development of the Colle-Salvetti correlation-energy formula into a functional of the electron density},
  journal = {Physical Review B}
}

@article{Vosko1980,
  doi = {10.1139/p80-159},
  url = {https://doi.org/10.1139/p80-159},
  year = {1980},
  month = aug,
  publisher = {Canadian Science Publishing},
  volume = {58},
  number = {8},
  pages = {1200--1211},
  author = {S. H. Vosko and L. Wilk and M. Nusair},
  title = {Accurate spin-dependent electron liquid correlation energies for local spin density calculations: a critical analysis},
  journal = {Canadian Journal of Physics}
}

@article{Stephens1994,
  doi = {10.1021/j100096a001},
  url = {https://doi.org/10.1021/j100096a001},
  year = {1994},
  month = nov,
  publisher = {American Chemical Society ({ACS})},
  volume = {98},
  number = {45},
  pages = {11623--11627},
  author = {P. J. Stephens and F. J. Devlin and C. F. Chabalowski and M. J. Frisch},
  title = {Ab Initio Calculation of Vibrational Absorption and Circular Dichroism Spectra Using Density Functional Force Fields},
  journal = {The Journal of Physical Chemistry}
}


@article{Marenich2009,
  doi = {10.1021/jp810292n},
  url = {https://doi.org/10.1021/jp810292n},
  year = {2009},
  month = apr,
  publisher = {American Chemical Society ({ACS})},
  volume = {113},
  number = {18},
  pages = {6378--6396},
  author = {Aleksandr V. Marenich and Christopher J. Cramer and Donald G. Truhlar},
  title = {Universal Solvation Model Based on Solute Electron Density and on a Continuum Model of the Solvent Defined by the Bulk Dielectric Constant and Atomic Surface Tensions},
  journal = {The Journal of Physical Chemistry B}
}

@article{Ditchfield1971,
  doi = {10.1063/1.1674902},
  url = {https://doi.org/10.1063/1.1674902},
  year = {1971},
  month = jan,
  publisher = {{AIP} Publishing},
  volume = {54},
  number = {2},
  pages = {724--728},
  author = {R. Ditchfield and W. J. Hehre and J. A. Pople},
  title = {Self-Consistent Molecular-Orbital Methods. {IX}. An Extended Gaussian-Type Basis for Molecular-Orbital Studies of Organic Molecules},
  journal = {The Journal of Chemical Physics}
}







